<?xml version="1.0" encoding="UTF-8"?><collection xmlns="http://www.loc.gov/MARC21/slim"><record><leader>00471nam--2200181-i-4500</leader><controlfield tag="001">000039077</controlfield><controlfield tag="002">20161230</controlfield><controlfield tag="005">20161230201042</controlfield><controlfield tag="008">060222s1000------------r-----000-0-eng-d</controlfield><datafield ind1=" " ind2=" " tag="020"><subfield code="a">0198511507</subfield></datafield><datafield ind1=" " ind2=" " tag="040"><subfield code="a">IFIN-HH</subfield></datafield><datafield ind1=" " ind2=" " tag="080"><subfield code="a">530.145:537.222.22</subfield></datafield><datafield ind1="1" ind2=" " tag="100"><subfield code="a">Ridley,B.K</subfield></datafield><datafield ind1="1" ind2="0" tag="245"><subfield code="a">Quantum processes in semiconductors</subfield><subfield code="c">B.k. ridley</subfield></datafield><datafield ind1=" " ind2=" " tag="260"><subfield code="a">Oxford</subfield><subfield code="b">Pergamon Press</subfield><subfield code="c">1982</subfield></datafield><datafield ind1=" " ind2=" " tag="300"><subfield code="a">IX + 286 P</subfield></datafield><datafield ind1=" " ind2=" " tag="852"><subfield code="a">70779</subfield><subfield code="c">537.311.33</subfield></datafield><datafield ind1=" " ind2=" " tag="CAT"><subfield code="a">Sys</subfield><subfield code="c">20110726</subfield><subfield code="h">164142</subfield></datafield></record></collection>